
% ====================================
% CONTEXT 
% ====================================

@article{penczek1994ribosome,
  title={The ribosome at improved resolution: New techniques for merging and orientation refinement in {3D} cryo-electron microscopy of biological particles},
  author={Penczek, Pawel A and Grassucci, Robert A and Frank, Joachim},
  journal={Ultramicroscopy},
  volume={53},
  number={3},
  pages={251--270},
  year={1994},
  publisher={Elsevier}
}

@article{Baker1996,
title = "A Model-Based Approach for Determining Orientations of Biological Macromolecules Imaged by Cryoelectron Microscopy",
journal = "Journal of Structural Biology",
volume = "116",
number = "1",
pages = "120-130",
year = "1996",
issn = "1047-8477",
doi = "https://doi.org/10.1006/jsbi.1996.0020",
url = "http://www.sciencedirect.com/science/article/pii/S1047847796900209",
author = "T.S. Baker and R.H. Cheng"
}

@article{Dempster1977,
  title={Maximum likelihood from incomplete data via the {EM} algorithm},
  author={Dempster, Arthur P and Laird, Nan M and Rubin, Donald B},
  ISSN = {00359246},
  journal = {Journal of the Royal Statistical Society. Series B (Methodological)},
  number = {1},
  pages = {1--38},
  publisher = {[Royal Statistical Society, Wiley]},
  volume = {39},
  year = {1977}
}


@article{sigworth1998maximum,
  title={A maximum-likelihood approach to single-particle image refinement},
  author={Sigworth, Fred J},
  journal={Journal of structural biology},
  volume={122},
  number={3},
  pages={328--339},
  year={1998},
  publisher={Academic Press}
}


@article{scheres2012bayesian,
  title={A Bayesian view on cryo-{EM} structure determination},
  author={Scheres, S.H.W.},
  journal={Journal of molecular biology},
  volume={415},
  number={2},
  pages={406--418},
  year={2012},
  publisher={Elsevier}
}

@article{kuhlbrandt2014resolution,
  title={The resolution revolution},
  author={K{\"u}hlbrandt, Werner},
  journal={Science},
  volume={343},
  number={6178},
  pages={1443--1444},
  year={2014},
  publisher={American Association for the Advancement of Science}
}

@article{sorzano2006optimization,
  title={Optimization problems in electron microscopy of single particles},
  author={Sorzano, Carlos Oscar S{\'a}nchez and Marabini, Roberto and Pascual-Montano, Alberto and Scheres, Sjors HW and Carazo, Jos{\'e} Mar{\'\i}a},
  journal={Annals of Operations Research},
  volume={148},
  number={1},
  pages={133--165},
  year={2006},
  publisher={Springer}
}

@article{henderson2012outcome,
  title={Outcome of the first electron microscopy validation task force meeting},
  author = "Richard Henderson and Andrej Sali and Matthew L. Baker and Bridget Carragher and Batsal Devkota and Kenneth H. Downing and Edward H. Egelman and Zukang Feng and Joachim Frank and Nikolaus Grigorieff and Wen Jiang and Steven J. Ludtke and Ohad Medalia and Pawel A. Penczek and Peter B. Rosenthal and Michael G. Rossmann and Michael F. Schmid and Gunnar F. Schröder and Alasdair C. Steven and David L. Stokes and John D. Westbrook and Willy Wriggers and Huanwang Yang and Jasmine Young and Helen M. Berman and Wah Chiu and Gerard J. Kleywegt and Catherine L. Lawson",
  journal={Structure},
  volume={20},
  number={2},
  pages={205--214},
  year={2012},
  publisher={Elsevier}
}

@article{singer2010detecting,
  title={Detecting consistent common lines in cryo-{EM} by voting},
  author={Singer, Amit and Coifman, Ronald R and Sigworth, Fred J and Chester, David W and Shkolnisky, Yoel},
  journal={Journal of structural biology},
  volume={169},
  number={3},
  pages={312--322},
  year={2010},
  publisher={Elsevier}
}

@article{greenberg2017common,
  title={Common lines modeling for reference free Ab-initio reconstruction in cryo-{EM}},
  author={Greenberg, Ido and Shkolnisky, Yoel},
  journal={Journal of structural biology},
  volume={200},
  number={2},
  pages={106--117},
  year={2017},
  publisher={Elsevier}
}

@article{wang2013orientation,
  title={Orientation determination of cryo-{EM} images using least unsquared deviations},
  author={Wang, Lanhui and Singer, Amit and Wen, Zaiwen},
  journal={SIAM journal on imaging sciences},
  volume={6},
  number={4},
  pages={2450--2483},
  year={2013},
  publisher={SIAM}
}

@article{pragier2019common,
  title={A common lines approach for ab initio modeling of cyclically symmetric molecules},
  author={Pragier, Gabi and Shkolnisky, Yoel},
  journal={Inverse Problems},
  volume={35},
  number={12},
  pages={124005},
  year={2019},
  publisher={IOP Publishing}
}

@article{punjani2017cryosparc,
  title={{cryoSPARC}: Algorithms for rapid unsupervised cryo-{EM} structure determination},
  author={Punjani, Ali and Rubinstein, John L and Fleet, David J and Brubaker, Marcus A},
  journal={Nature Methods},
  volume={14},
  number={3},
  pages={290},
  year={2017},
  publisher={Nature Publishing Group}
}


% ====================================
% OUTLINE 
% ====================================

@article{belkin2003laplacian,
  title={Laplacian eigenmaps for dimensionality reduction and data representation},
  author={Belkin, Mikhail and Niyogi, Partha},
  journal={Neural computation},
  volume={15},
  number={6},
  pages={1373--1396},
  year={2003},
  publisher={MIT Press}
}

@book{kruskal1978multidimensional,
  title={Multidimensional scaling},
  author={Kruskal, Joseph B},
  number={11},
  year={1978},
  publisher={Sage}
}

@article{maaten2008visualizing,
  title={Visualizing data using t-SNE},
  author={Maaten, Laurens van der and Hinton, Geoffrey},
  journal={Journal of machine learning research},
  volume={9},
  number={Nov},
  pages={2579--2605},
  year={2008}
}

@article{mcinnes2018umap,
  title={Umap: Uniform manifold approximation and projection for dimension reduction},
  author={McInnes, Leland and Healy, John and Melville, James},
  journal={arXiv preprint arXiv:1802.03426},
  year={2018}
}

@article{dokmanic2015euclidean,
  title={Euclidean distance matrices: essential theory, algorithms, and applications},
  author={Dokmanic, Ivan and Parhizkar, Reza and Ranieri, Juri and Vetterli, Martin},
  journal={IEEE Signal Processing Magazine},
  volume={32},
  number={6},
  pages={12--30},
  year={2015},
  publisher={IEEE}
}

% ====================================
% QUATERNIONS 
% ====================================

@book{koks2006explorations,
  title={Explorations in mathematical physics: the concepts behind an elegant language},
  author={Koks, Don},
  year={2006},
  publisher={Springer Science \& Business Media}
}

@book{rosenfeld_history_1988,
	title = {A {History} of {Non}-{Euclidean} {Geometry}: {Evolution} of the {Concept} of a {Geometric} {Space}},
	isbn = {978-0-387-96458-4},
	shorttitle = {A {History} of {Non}-{Euclidean} {Geometry}},
	language = {en},
	publisher = {Springer New York},
	author = {Rosenfeld, Boris A.},
	month = sep,
	year = {1988},
	note = {Google-Books-ID: DRLpAFZM7uwC},
	keywords = {Mathematics / Geometry / General}
}

@article{huynh2009metrics,
  title={Metrics for {3D} rotations: Comparison and analysis},
  author={Huynh, Du Q},
  journal={Journal of Mathematical Imaging and Vision},
  volume={35},
  number={2},
  pages={155--164},
  year={2009},
  publisher={Springer}
}

% ====================================
% ESTIMATING RELATIVE DISTANCES 
% ====================================

@article{bartesaghi2015betagal,
  title={2.2 {\AA} resolution cryo-{EM} structure of $\beta$-galactosidase in complex with a cell-permeant inhibitor},
  author={Bartesaghi, Alberto and Merk, Alan and Banerjee, Soojay and Matthies, Doreen and Wu, Xiongwu and Milne, Jacqueline LS and Subramaniam, Sriram},
  journal={Science},
  volume={348},
  number={6239},
  pages={1147--1151},
  year={2015},
  publisher={American Association for the Advancement of Science}
}

@article{laxmikanthan2016structure,
  title={Structure of a Holliday junction complex reveals mechanisms governing a highly regulated DNA transaction},
  author={Laxmikanthan, Gurunathan and Xu, Chen and Brilot, Axel F and Warren, David and Steele, Lindsay and Seah, Nicole and Tong, Wenjun and Grigorieff, Nikolaus and Landy, Arthur and Van Duyne, Gregory D},
  journal={Elife},
  volume={5},
  pages={e14313},
  year={2016},
  publisher={eLife Sciences Publications Limited}
}

@article{pettersen2004ucsf,
  title={UCSF Chimera—a visualization system for exploratory research and analysis},
  author={Pettersen, Eric F and Goddard, Thomas D and Huang, Conrad C and Couch, Gregory S and Greenblatt, Daniel M and Meng, Elaine C and Ferrin, Thomas E},
  journal={Journal of Computational Chemistry},
  volume={25},
  number={13},
  pages={1605--1612},
  year={2004},
  publisher={Wiley Online Library}
}

@article{van2015astra,
  title={The {ASTRA} Toolbox: A platform for advanced algorithm development in electron tomography},
  author={van Aarle, Wim and Palenstijn, Willem Jan and De Beenhouwer, Jan and Altantzis, Thomas and Bals, Sara and Batenburg, K Joost and Sijbers, Jan},
  journal={Ultramicroscopy},
  volume={157},
  pages={35--47},
  year={2015},
  publisher={Elsevier}
}

@inproceedings{abadi2016tensorflow,
  title={Tensorflow: A system for large-scale machine learning},
  author={Abadi, Mart{\'\i}n and Barham, Paul and Chen, Jianmin and Chen, Zhifeng and Davis, Andy and Dean, Jeffrey and Devin, Matthieu and Ghemawat, Sanjay and Irving, Geoffrey and Isard, Michael and others},
  booktitle={12th {USENIX} Symposium on Operating Systems Design and Implementation ({OSDI} 16)},
  pages={265--283},
  year={2016}
}

@inproceedings{chopra2005learning,
  title={Learning a similarity metric discriminatively, with application to face verification},
  author={Chopra, Sumit and Hadsell, Raia and LeCun, Yann},
  booktitle={2005 IEEE Computer Society Conference on Computer Vision and Pattern Recognition (CVPR'05)},
  volume={1},
  pages={539--546},
  year={2005},
  organization={IEEE}
}

@inproceedings{yi2014deep,
  title={Deep metric learning for person re-identification},
  author={Yi, Dong and Lei, Zhen and Liao, Shengcai and Li, Stan Z},
  booktitle={2014 22nd International Conference on Pattern Recognition},
  pages={34--39},
  year={2014},
  organization={IEEE}
}


@article{kingma2014adam,
  title={Adam: A method for stochastic optimization},
  author={Kingma, Diederik P and Ba, Jimmy},
  journal={arXiv preprint arXiv:1412.6980},
  year={2014}
}


@book{frank2006three,
  title={Three-dimensional electron microscopy of macromolecular assemblies: Visualization of biological molecules in their native state},
  author={Frank, Joachim},
  year={2006},
  publisher={Oxford University Press}
}

% ====================================
% ORIENTATION RECOVERY  
% ====================================



% ====================================
% DISCUSSION 
% ====================================
